<record><leader>00000cas a2200000 a 4500</leader><controlfield tag="001">37137585</controlfield><controlfield tag="008">970617d19741982oruwr ne      0    0eng c</controlfield><datafield ind1=" " ind2=" " tag="010"><subfield code="a">sn 96088403 </subfield></datafield><datafield ind1=" " ind2=" " tag="040"><subfield code="a">OCN</subfield><subfield code="b">eng</subfield><subfield code="c">OCN</subfield><subfield code="d">OCLCQ</subfield><subfield code="d">ORU</subfield><subfield code="d">OCLCQ</subfield><subfield code="d">OCLCF</subfield><subfield code="d">OCLCO</subfield></datafield><datafield ind1=" " ind2=" " tag="042"><subfield code="a">pcc</subfield></datafield><datafield ind1=" " ind2=" " tag="043"><subfield code="a">n-us-or</subfield></datafield><datafield ind1="0" ind2="0" tag="245"><subfield code="a">Canyon Creek current.</subfield></datafield><datafield ind1=" " ind2=" " tag="260"><subfield code="a">Canyonville, Or. :</subfield><subfield code="b">S. &amp; B. Eller,</subfield><subfield code="c">1974-1982.</subfield></datafield><datafield ind1=" " ind2=" " tag="300"><subfield code="a">9 v.</subfield></datafield><datafield ind1=" " ind2=" " tag="310"><subfield code="a">Weekly</subfield></datafield><datafield ind1="0" ind2=" " tag="362"><subfield code="a">Vol. 1, no. 1 (Mar. 21-27, 1974)-v. 9, no. 24 (June 24, 1982).</subfield></datafield><datafield ind1=" " ind2=" " tag="500"><subfield code="a">1977-1978 includes Tributaries, published by the Canyon Creek current.</subfield></datafield><datafield ind1=" " ind2=" " tag="530"><subfield code="a">Also issued on microfilm from University of Oregon.</subfield></datafield><datafield ind1=" " ind2=" " tag="580"><subfield code="a">Merged with: Mail (Myrtle Creek, Or.), to form: Umpqua free press.</subfield></datafield><datafield ind1=" " ind2="0" tag="651"><subfield code="a">Douglas County (Or.)</subfield><subfield code="v">Newspapers.</subfield></datafield><datafield ind1=" " ind2="0" tag="651"><subfield code="a">Myrtle Creek (Or.)</subfield><subfield code="v">Newspapers.</subfield></datafield><datafield ind1=" " ind2="0" tag="651"><subfield code="a">Canyonville (Or.)</subfield><subfield code="v">Newspapers.</subfield></datafield><datafield ind1=" " ind2="7" tag="655"><subfield code="a">Newspapers.</subfield><subfield code="2">fast</subfield><subfield code="0">(OCoLC)fst01423814</subfield></datafield><datafield ind1=" " ind2="7" tag="651"><subfield code="a">Oregon</subfield><subfield code="z">Canyonville.</subfield><subfield code="2">fast</subfield><subfield code="0">(OCoLC)fst01263640</subfield></datafield><datafield ind1=" " ind2="7" tag="651"><subfield code="a">Oregon</subfield><subfield code="z">Douglas County.</subfield><subfield code="2">fast</subfield><subfield code="0">(OCoLC)fst01222154</subfield></datafield><datafield ind1=" " ind2="7" tag="651"><subfield code="a">Oregon</subfield><subfield code="z">Myrtle Creek.</subfield><subfield code="2">fast</subfield><subfield code="0">(OCoLC)fst01228053</subfield></datafield><datafield ind1="0" ind2="2" tag="740"><subfield code="a">Tributaries.</subfield></datafield><datafield ind1=" " ind2=" " tag="752"><subfield code="a">United States</subfield><subfield code="b">Oregon</subfield><subfield code="c">Douglas</subfield><subfield code="d">Canyonville.</subfield></datafield><datafield ind1="1" ind2="7" tag="785"><subfield code="t">Mail (Myrtle Creek, Or.)</subfield><subfield code="w">(DLC)sn 96088402</subfield><subfield code="w">(OCoLC)37137607</subfield></datafield><datafield ind1="1" ind2="7" tag="785"><subfield code="t">Umpqua free press</subfield><subfield code="w">(ODLC)sn 8307624</subfield><subfield code="w">(OCoLC)9428544</subfield></datafield></record>